Account Name       :                	Mr. ALI AKBAR  P
Address            :	JR SOFTWARE PROGRAMMER
                                    	ONTASH  INDIA TECHNOLOGIES P LTD
                                    	KALLAI CALICUT-673003
                                    	Kozhikode
Date               :                	25 Apr 2017
Account Number     :	_00000067384200969
Account Description:	SB TINY-GEN-PUB IND-ALL-INR
Branch             :	KALLAI
Drawing Power      :	0.00
Interest Rate(% p.a.):	4.0
MOD Balance      :	0.00
CIF No.          :	_77152401906
IFS Code         :	SBIN0070285
MICR Code        :	_673002904
Nomination Registered    :	No 
Balance on 1 Apr 2017        :	112.86
Start Date          :	1 Apr 2017
End Date            :	30 Apr 2017
Txn Date	Value Date	Description	Ref No./Cheque No.	        Debit	Credit	Balance	
4 Apr 2017	4 Apr 2017	   TO TRANSFER-INB Airtel                    AIRTEL_RECHARGE Paym--	ISBT5256304373IGABBRLHP7               TRANSFER TO	10.00	 	102.86
4 Apr 2017	4 Apr 2017	   BY TRANSFER-INB IMPS/P2A/709414776368/XXXXXXX198NA--	MA03664131MA03664131               TRANSFER FROM 4	 	1,000.00	1,102.86
4 Apr 2017	4 Apr 2017	   by debit card-OTHPOS709409321019HOTEL RAHMATH PRIVATE KOZHIKODE--		381.00	 	721.86
4 Apr 2017	4 Apr 2017	   ATM WDL-ATM CASH 477   SBT KOZHIKODE PALAYAM KOZHIKKODE--		700.00	 	21.86
4 Apr 2017	4 Apr 2017	   BY TRANSFER-NEFT KLGB0040141KLGBH17094879858ABDUL  GAFOOR   P--	TRANSFER FROM 3197727706971	 	1,000.00	1,021.86
5 Apr 2017	5 Apr 2017	   ATM WDL-ATM CASH 70952 JASMINE BUILDI         KOZHIKODE--		900.00	 	121.86
6 Apr 2017	6 Apr 2017	   TO TRANSFER-INB One97 Communication Ltd--	20170406006734539400IGABCANZM7               TRANS	104.00	 	17.86
6 Apr 2017	6 Apr 2017	   TO TRANSFER-INB One97 Communication Ltd--	20170406006738299400IGABCAOZN5               TRANS	10.00	 	7.86
10 Apr 2017	10 Apr 2017	   CASH DEPOSIT-CASH DEPOSIT SELF--		 	46,000.00	46,007.86
10 Apr 2017	10 Apr 2017	   TO TRANSFER-INB NEFT UTR NO: SBTR917100774648--SIFSEER	NEFT INB: IRD1039452                               / SIFSEER	46,004.60	 	3.26
11 Apr 2017	11 Apr 2017	   CREDIT- salary--		 	9,805.00	9,808.26
11 Apr 2017	11 Apr 2017	   ATM WDL-ATM CASH 71012 JASMINE BUILDI         KOZHIKODE--		3,800.00	 	6,008.26
12 Apr 2017	12 Apr 2017	   TO TRANSFER-INB NEFT UTR NO: SBTR917102844022--ABDUL GAFOOR	NEFT INB: IRD1231389                               / ABDUL GAFOOR	1,502.30	 	4,505.96
12 Apr 2017	12 Apr 2017	   TO TRANSFER-INB NEFT UTR NO: SBTR917102845370--AMIR V	NEFT INB: IRD1255176                               / AMIR V	504.80	 	4,001.16
15 Apr 2017	15 Apr 2017	   TO TRANSFER-INB Kerala State Road Transpo BILL_KSRTC Payments--	ISBT5291406929IGABDGKJZ3               TRANSFER TO	783.00	 	3,218.16
15 Apr 2017	15 Apr 2017	   by debit card-OTHPOS710512351815SINDUR                WAYANAD--		779.00	 	2,439.16
15 Apr 2017	15 Apr 2017	   by debit card-OTHPOS710512354249SINDUR                WAYANAD--		157.00	 	2,282.16
15 Apr 2017	15 Apr 2017	   by debit card-OTHPOS710512955662Olives Footwears&Ele  Kalpetta--		320.00	 	1,962.16
17 Apr 2017	17 Apr 2017	   TO TRANSFER-INB Airtel                    AIRTEL_RECHARGE Paym--	ISBT5299645410IGABDQCCB5               TRANSFER TO	20.00	 	1,942.16
17 Apr 2017	17 Apr 2017	   by debit card-SBIPOS000511080350AKR FOODS PRIVATE LIMITCALICUT--		175.00	 	1,767.16
18 Apr 2017	18 Apr 2017	   ATM WDL-ATM CASH 71082 UBI CROWN THEATRE      KOZHIKODE--		500.00	 	1,267.16
19 Apr 2017	19 Apr 2017	   ATM WDL-ATM CASH 7314  MAJESTIC CENTRE        KOZHIKODE--		900.00	 	367.16
20 Apr 2017	20 Apr 2017	BY CLEARING / CHEQUE-AXS                            BY CLEARING--330233	330233	 	16,500.00	16,867.16

**This is a computer generated statement and does not require a signature